@misc{etp4hpc,
  title={{ETP4HPC strategic research agenda 2015 update}},
  author={{ETP4HPC}}
}

@ARTICLE{prefetch_liao,
author={J. Liao and F. Trahay and B. Gerofi and Y. Ishikawa},
journal={IEEE Transactions on Parallel and Distributed Systems},
title={Prefetching on Storage Servers through Mining Access Patterns on Blocks},
year={2015},
volume={PP},
number={99},
}

@article{exascale_challenges,
  title={The opportunities and challenges of exascale computing},
  author={Ashby, Steve and Beckman, Pete and Chen, Jackie and Colella, Phil and Collins, Bill and Crawford, Dona and Dongarra, Jack and Kothe, Doug and Lusk, Rusty and Messina, Paul and others},
  journal={Summary Report of the Advanced Scientific Computing Advisory Committee (ASCAC) Subcommittee},
  pages={1--77},
  year={2010}
}

@inproceedings{chang1999automatic,
  title={Automatic I/O hint generation through speculative execution},
  author={Chang, Fay and Gibson, Garth},
  year={1999},
  organization={USENIX}
}

@inproceedings{Patterson,
 author = {Patterson, R. H. and Gibson, G. A. and Ginting, E. and Stodolsky, D. and Zelenka, J.},
 title = {Informed Prefetching and Caching},
 booktitle = {SOSP'95},
 year = {1995},
 pages = {79--95},
 numpages = {17},
} 


@article{cao1996implementation,
  title={Implementation and performance of integrated application-controlled file caching, prefetching, and disk scheduling},
  author={Cao, Pei and Felten, Edward W and Karlin, Anna R and Li, Kai},
  journal={ACM Transactions on Computer Systems (TOCS)},
  volume={14},
  number={4},
  pages={311--343},
  year={1996},
  publisher={ACM}
}

@inproceedings{ding2007diskseen,
  title={DiskSeen: Exploiting Disk Layout and Access History to Enhance I/O Prefetch.},
  author={Ding, Xiaoning and Jiang, Song and Chen, Feng and Davis, Kei and Zhang, Xiaodong},
  booktitle={USENIX ATC},
  year={2007}
}

@inproceedings{diener2014kmaf,
  title={kMAF: Automatic kernel-level management of thread and data affinity},
  author={Diener, Matthias and Cruz, Eduardo HM and Navaux, Philippe OA and Busse, Anselm and Hei{\ss}, Hans-Ulrich},
  booktitle={PACT},
  year={2014},
}

@inproceedings{starpu,
  title={Automatic Calibration of Performance Models on Heterogeneous Multicore Architectures.},
  author={Augonnet, C{\'e}dric and Thibault, Samuel and Namyst, Raymond},
  booktitle={Euro-Par Workshops},
  pages={56--65},
  year={2009},
}

@inproceedings{forestgomp,
  title={Structuring the execution of OpenMP applications for multicore architectures},
  author={Broquedis, Fran{\c{c}}ois and Aumage, Olivier and Goglin, Brice and Thibault, Samuel and Wacrenier, Pierre-Andr and Namyst, Raymond},
  booktitle={IPDPS 2010},
}

@article{nudd2000pace,
  title={PACE—A toolset for the performance prediction of parallel and distributed systems},
  author={Nudd, Graham R and Kerbyson, Darren J and Papaefstathiou, Efstathios and Perry, Stewart C and Harper, John Stuart and Wilcox, Daniel V},
  journal={The International Journal of High Performance Computing Applications},
  volume={14},
  number={3},
  pages={228--251},
  year={2000},
  publisher={Sage Publications Sage CA: Thousand Oaks, CA}
}

@inproceedings{smith1998predicting,
  title={Predicting application run times using historical information},
  author={Smith, Warren and Foster, Ian and Taylor, Valerie},
  booktitle={Job Scheduling Strategies for Parallel Processing},
  pages={122--142},
  year={1998},
}

@inproceedings{nuioa,
  title={Impact of NUMA effects on high-speed networking with multi-opteron machines},
  author={Moreaud, St{\'e}phanie and Goglin, Brice},
  booktitle={PDCS},
  year={2007}
}

@InProceedings{eztrace,
    title = { {EZT}race: a generic framework for performance analysis},
    author = {{T}rahay, {F}ran{\c{c}}ois and {R}ue, {F}ran{\c{c}}ois and {F}averge, {M}athieu and {I}shikawa, {Y}utaka and {N}amyst, {R}aymond and {D}ongarra, {J}ack},
    language = {{A}nglais},
    booktitle = {{CCG}rid},
    year = {2011},
}

@inproceedings{eztrace_pdp,
author = {Trahay, Fran{\c{c}}ois and Brunet, Elisabeth and Mosli Bouksiaa, Mohamed and Liao, Jianwei},
title = {{Selecting points of interest in traces using patterns of events}},
booktitle = {PDP},
year = {2015}
}


@inproceedings{carrefour,
  title={Traffic management: a holistic approach to memory placement on NUMA systems},
  author={Dashti, Mohammad and Fedorova, Alexandra and Funston, Justin and Gaud, Fabien and Lachaize, Renaud and Lepers, Baptiste and Quema, Vivien and Roth, Mark},
  booktitle={ACM SIGPLAN Notices},
  volume={48},
  number={4},
  pages={381--394},
  year={2013},
  organization={ACM}
}

@inproceedings{arnold2002online,
  title={Online feedback-directed optimization of Java},
  author={Arnold, Matthew and Hind, Michael and Ryder, Barbara G},
  booktitle={ACM SIGPLAN Notices},
  volume={37},
  number={11},
  pages={111--129},
  year={2002},
  organization={ACM}
}

@inproceedings{chow1999feedback,
  title={Feedback-directed selection and characterization of compiler optimizations},
  author={Chow, Kingsum and Wu, Youfeng},
  booktitle={Proc. 2nd Workshop on Feedback Directed Optimization},
  year={1999}
}

@inproceedings{cohn1999feedback,
  title={Feedback directed optimization in Compaq’s compilation tools for Alpha},
  author={Cohn, Robert and Lowney, P Geoffrey},
  booktitle={2nd ACM Workshop on Feedback-Directed Optimization (FDO)},
  year={1999}
}

@inproceedings{song2007feedback,
  title={Feedback-directed thread scheduling with memory considerations},
  author={Song, Fengguang and Moore, Shirley and Dongarra, Jack},
  booktitle={Proceedings of the 16th international symposium on High performance distributed computing},
  pages={97--106},
  year={2007},
  organization={ACM}
}