@inproceedings{lock_contention,
  title={Analyzing lock contention in multithreaded applications},
  author={Tallent, Nathan R and Mellor-Crummey, John M and Porterfield, Allan},
  booktitle={ACM Sigplan Notices},
  volume={45},
  number={5},
  pages={269--280},
  year={2010},
}


@inproceedings{broquedis2009dynamic,
  title={Dynamic task and data placement over NUMA architectures: an OpenMP runtime perspective},
  author={Broquedis, Fran{\c{c}}ois and Furmento, Nathalie and Goglin, Brice and Namyst, Raymond and Wacrenier, Pierre-Andr{\'e}},
  booktitle={International Workshop on OpenMP},
  pages={79--92},
  year={2009},
}


@inproceedings{geimer2006scalable,
  title={Scalable parallel trace-based performance analysis},
  author={Geimer, Markus and Wolf, Felix and Wylie, Brian JN and Mohr, Bernd},
  booktitle={European Parallel Virtual Machine/Message Passing Interface Users’ Group Meeting},
  pages={303--312},
  year={2006},
}


@inproceedings{kojak,
  title={KOJAK--A tool set for automatic performance analysis of parallel programs},
  author={Mohr, Bernd and Wolf, Felix},
  booktitle={European Conference on Parallel Processing},
  pages={1301--1304},
  year={2003},
}


@article{hpctoolkit,
  title={HPCToolkit: Tools for performance analysis of optimized parallel programs},
  author={Adhianto, Laksono and Banerjee, Sinchan and Fagan, Mike and Krentel, Mark and Marin, Gabriel and Mellor-Crummey, John and Tallent, Nathan R},
  journal={Concurrency and Computation: Practice and Experience},
  volume={22},
  number={6},
  pages={685--701},
  year={2010},
}

@techreport{dwarfs,
  title={The landscape of parallel computing research: A view from berkeley},
  author={Asanovic, Krste and Bodik, Ras and Catanzaro, Bryan Christopher and Gebis, Joseph James and Husbands, Parry and Keutzer, Kurt and Patterson, David A and Plishker, William Lester and Shalf, John and Williams, Samuel Webb and others},
  year={2006},
  institution={Technical Report UCB/EECS-2006-183, EECS Department, University of California, Berkeley}
}


@inproceedings{castro2011machine,
  title={A machine learning-based approach for thread mapping on transactional memory applications},
  author={Castro, Marcio and Goes, Luis Fabricio Wanderley and Ribeiro, Christiane Pousa and Cole, Murray and Cintra, Marcelo and Mehaut, Jean-Francois},
  booktitle={High Performance Computing (HiPC), 2011 18th International Conference on},
  pages={1--10},
  year={2011},
  organization={IEEE}
}


@inproceedings{treematch,
  title={Improving MPI applications performance on multicore clusters with rank reordering},
  author={Mercier, Guillaume and Jeannot, Emmanuel},
  booktitle={European MPI Users' Group Meeting},
  pages={39--49},
  year={2011},
  organization={Springer}
}


@inproceedings{jeannot2010near,
  title={Near-optimal placement of MPI processes on hierarchical NUMA architectures},
  author={Jeannot, Emmanuel and Mercier, Guillaume},
  booktitle={European Conference on Parallel Processing},
  pages={199--210},
  year={2010},
}


@inproceedings{xray,
  title={X-ray: Automating Root-Cause Diagnosis of Performance Anomalies in Production Software.},
  author={Attariyan, Mona and Chow, Michael and Flinn, Jason},
  booktitle={OSDI},
  volume={12},
  pages={307--320},
  year={2012}
}


@inproceedings{coz,
  title={C oz: finding code that counts with causal profiling},
  author={Curtsinger, Charlie and Berger, Emery D},
  booktitle={Proceedings of the 25th Symposium on Operating Systems Principles},
  pages={184--197},
  year={2015},
  organization={ACM}
}


@inproceedings{perfume,
  title={Mining precise performance-aware behavioral models from existing instrumentation},
  author={Ohmann, Tony and Thai, Kevin and Beschastnikh, Ivan and Brun, Yuriy},
  booktitle={Companion Proceedings of the 36th International Conference on Software Engineering},
  pages={484--487},
  year={2014},
  organization={ACM}
}

@inproceedings{xu2010cache,
  title={Cache contention and application performance prediction for multi-core systems},
  author={Xu, Chi and Chen, Xi and Dick, Robert P and Mao, Zhuoqing Morley},
  booktitle={Performance Analysis of Systems \& Software (ISPASS), 2010 IEEE International Symposium on},
  pages={76--86},
  year={2010},
  organization={IEEE}
}


@incollection{benedict2010periscope,
  title={Periscope: An online-based distributed performance analysis tool},
  author={Benedict, Shajulin and Petkov, Ventsislav and Gerndt, Michael},
  booktitle={Tools for High Performance Computing 2009},
  pages={1--16},
  year={2010},
  publisher={Springer}
}


@book{wolf2003automatic,
  title={Automatic performance analysis on parallel computers with SMP nodes},
  author={Wolf, Felix},
  year={2003},
  publisher={NIC, John von Neumann Institute for Computing}
}


@incollection{vite,
  title={An open-source tool-chain for performance analysis},
  author={Coulomb, Kevin and Degomme, Augustin and Faverge, Mathieu and Trahay, Fran{\c{c}}ois},
  booktitle={Tools for High Performance Computing 2011},
  pages={37--48},
  year={2012},
  publisher={Springer}
}


@inproceedings{vampirtrace,
  title={Developing scalable applications with Vampir, VampirServer and VampirTrace.},
  author={M{\"u}ller, Matthias S and Kn{\"u}pfer, Andreas and Jurenz, Matthias and Lieber, Matthias and Brunst, Holger and Mix, Hartmut and Nagel, Wolfgang E},
  booktitle={PARCO},
  volume={15},
  pages={637--644},
  year={2007},
}


@article{scalasca,
  title={The Scalasca performance toolset architecture},
  author={Geimer, Markus and Wolf, Felix and Wylie, Brian JN and {\'A}brah{\'a}m, Erika and Becker, Daniel and Mohr, Bernd},
  journal={Concurrency and Computation: Practice and Experience},
  volume={22},
  number={6},
  pages={702--719},
  year={2010},
}


@inproceedings{pablo,
  title={Scalable performance analysis: The Pablo performance analysis environment},
  author={Reed, Daniel A and Roth, Phillip C and Aydt, Ruth A and Shields, Keith A and Tavera, Luis F and Noe, Roger J and Schwartz, Bradley W},
  booktitle={Scalable Parallel Libraries Conference, 1993., Proceedings of the},
  pages={104--113},
  year={1993},
  organization={IEEE}
}

@article{vampir,
  title={VAMPIR: Visualization and analysis of MPI resources},
  author={Nagel, Wolfgang E and Arnold, Alfred and Weber, Michael and Hoppe, Hans-Christian and Solchenbach, Karl},
  year={1996}
}


@article{jumpshot,
  title={Toward scalable performance visualization with Jumpshot},
  author={Zaki, Omer and Lusk, Ewing and Gropp, William and Swider, Deborah},
  journal={The International Journal of High Performance Computing Applications},
  volume={13},
  number={3},
  pages={277--288},
  year={1999},
  publisher={Sage Publications Sage CA: Thousand Oaks, CA}
}


@incollection{arm_map,
  title={Allinea MAP: Adding Energy and OpenMP Profiling Without Increasing Overhead},
  author={January, Christopher and Byrd, Jonathan and Or{\'o}, Xavier and O’Connor, Mark},
  booktitle={Tools for High Performance Computing 2014},
  pages={25--35},
  year={2015},
  publisher={Springer}
}

@inproceedings{linux_perf,
  title={The new linux’perf’tools},
  author={De Melo, Arnaldo Carvalho},
  booktitle={Slides from Linux Kongress},
  volume={18},
  year={2010}
}


@inproceedings{gprof,
  title={Gprof: A call graph execution profiler},
  author={Graham, Susan L and Kessler, Peter B and Mckusick, Marshall K},
  booktitle={ACM Sigplan Notices},
  volume={17},
  number={6},
  pages={120--126},
  year={1982},
}


@article{trace_mpi,
  title={Performance analysis of MPI programs},
  author={Karrels, Edward and Lusk, Ewing},
  journal={Environments and Tools for Parallel Scientific Computing},
  pages={195--200},
  year={1994}
}


@inproceedings{profiling_mpi,
  title={Automatic profiling of MPI applications with hardware performance counters},
  author={Rabenseifner, Rolf},
  booktitle={European Parallel Virtual Machine/Message Passing Interface Users’ Group Meeting},
  pages={35--42},
  year={1999},
  organization={Springer}
}

@Misc{numamma,
  author = 	 {Trahay, Fran{\cc}ois and Marquet, Kevin and Morel, Lionel and Selva, Manuel},
  title = 	 {{NumaMMa: NUMA Memory Manager}},
  URL={https://github.com/trahay/numamma-profiler},
  year = 	 {2018},
}

@inproceedings{diskio_numa,
  title={Characterization of input/output bandwidth performance models in NUMA architecture for data intensive applications},
  author={Li, Tan and Ren, Yufei and Yu, Dantong and Jin, Shudong and Robertazzi, Thomas},
  booktitle={Parallel Processing (ICPP), 2013 42nd International Conference on},
  pages={369--378},
  year={2013},
}


@inproceedings{otf2,
  title={Open Trace Format 2: The Next Generation of Scalable Trace Formats and Support Libraries.},
  author={Eschweiler, Dominic and Wagner, Michael and Geimer, Markus and Kn{\"u}pfer, Andreas and Nagel, Wolfgang E and Wolf, Felix},
  booktitle={PARCO},
  volume={22},
  pages={481--490},
  year={2011}
}


@incollection{scorep,
  title={Score-P: A joint performance measurement run-time infrastructure for Periscope, Scalasca, TAU, and Vampir},
  author={Kn{\"u}pfer, Andreas and R{\"o}ssel, Christian and an Mey, Dieter and Biersdorff, Scott and Diethelm, Kai and Eschweiler, Dominic and Geimer, Markus and Gerndt, Michael and Lorenz, Daniel and Malony, Allen and others},
  booktitle={Tools for High Performance Computing 2011},
  pages={79--91},
  year={2012},
}


@misc{etp4hpc,
  title={{ETP4HPC strategic research agenda 2015 update}},
  author={{ETP4HPC}}
}

@ARTICLE{prefetch_liao,
author={J. Liao and F. Trahay and B. Gerofi and Y. Ishikawa},
journal={IEEE Transactions on Parallel and Distributed Systems},
title={Prefetching on Storage Servers through Mining Access Patterns on Blocks},
year={2015},
volume={PP},
number={99},
}

@article{exascale_challenges,
  title={The opportunities and challenges of exascale computing},
  author={Ashby, Steve and Beckman, Pete and Chen, Jackie and Colella, Phil and Collins, Bill and Crawford, Dona and Dongarra, Jack and Kothe, Doug and Lusk, Rusty and Messina, Paul and others},
  journal={Summary Report of the Advanced Scientific Computing Advisory Committee (ASCAC) Subcommittee},
  pages={1--77},
  year={2010}
}

@inproceedings{chang1999automatic,
  title={Automatic I/O hint generation through speculative execution},
  author={Chang, Fay and Gibson, Garth},
  year={1999},
  organization={USENIX}
}

@inproceedings{Patterson,
 author = {Patterson, R. H. and Gibson, G. A. and Ginting, E. and Stodolsky, D. and Zelenka, J.},
 title = {Informed Prefetching and Caching},
 booktitle = {SOSP'95},
 year = {1995},
 pages = {79--95},
 numpages = {17},
} 


@article{cao1996implementation,
  title={Implementation and performance of integrated application-controlled file caching, prefetching, and disk scheduling},
  author={Cao, Pei and Felten, Edward W and Karlin, Anna R and Li, Kai},
  journal={ACM Transactions on Computer Systems (TOCS)},
  volume={14},
  number={4},
  pages={311--343},
  year={1996},
  publisher={ACM}
}

@inproceedings{ding2007diskseen,
  title={DiskSeen: Exploiting Disk Layout and Access History to Enhance I/O Prefetch.},
  author={Ding, Xiaoning and Jiang, Song and Chen, Feng and Davis, Kei and Zhang, Xiaodong},
  booktitle={USENIX ATC},
  year={2007}
}

@inproceedings{diener2014kmaf,
  title={kMAF: Automatic kernel-level management of thread and data affinity},
  author={Diener, Matthias and Cruz, Eduardo HM and Navaux, Philippe OA and Busse, Anselm and Hei{\ss}, Hans-Ulrich},
  booktitle={PACT},
  year={2014},
}

@inproceedings{starpu,
  title={Automatic Calibration of Performance Models on Heterogeneous Multicore Architectures.},
  author={Augonnet, C{\'e}dric and Thibault, Samuel and Namyst, Raymond},
  booktitle={Euro-Par Workshops},
  pages={56--65},
  year={2009},
}

@inproceedings{forestgomp,
  title={Structuring the execution of OpenMP applications for multicore architectures},
  author={Broquedis, Fran{\c{c}}ois and Aumage, Olivier and Goglin, Brice and Thibault, Samuel and Wacrenier, Pierre-Andr and Namyst, Raymond},
  booktitle={IPDPS 2010},
}

@article{nudd2000pace,
  title={PACE—A toolset for the performance prediction of parallel and distributed systems},
  author={Nudd, Graham R and Kerbyson, Darren J and Papaefstathiou, Efstathios and Perry, Stewart C and Harper, John Stuart and Wilcox, Daniel V},
  journal={The International Journal of High Performance Computing Applications},
  volume={14},
  number={3},
  pages={228--251},
  year={2000},
  publisher={Sage Publications Sage CA: Thousand Oaks, CA}
}

@inproceedings{smith1998predicting,
  title={Predicting application run times using historical information},
  author={Smith, Warren and Foster, Ian and Taylor, Valerie},
  booktitle={Job Scheduling Strategies for Parallel Processing},
  pages={122--142},
  year={1998},
}

@inproceedings{nuioa,
  title={Impact of NUMA effects on high-speed networking with multi-opteron machines},
  author={Moreaud, St{\'e}phanie and Goglin, Brice},
  booktitle={PDCS},
  year={2007}
}

@InProceedings{eztrace,
    title = { {EZT}race: a generic framework for performance analysis},
    author = {{T}rahay, {F}ran{\c{c}}ois and {R}ue, {F}ran{\c{c}}ois and {F}averge, {M}athieu and {I}shikawa, {Y}utaka and {N}amyst, {R}aymond and {D}ongarra, {J}ack},
    language = {{A}nglais},
    booktitle = {{CCG}rid},
    year = {2011},
}

@inproceedings{eztrace_pdp,
author = {Trahay, Fran{\c{c}}ois and Brunet, Elisabeth and Mosli Bouksiaa, Mohamed and Liao, Jianwei},
title = {{Selecting points of interest in traces using patterns of events}},
booktitle = {PDP},
year = {2015}
}


@inproceedings{carrefour,
  title={Traffic management: a holistic approach to memory placement on NUMA systems},
  author={Dashti, Mohammad and Fedorova, Alexandra and Funston, Justin and Gaud, Fabien and Lachaize, Renaud and Lepers, Baptiste and Quema, Vivien and Roth, Mark},
  booktitle={ACM SIGPLAN Notices},
  volume={48},
  number={4},
  pages={381--394},
  year={2013},
  organization={ACM}
}

@inproceedings{arnold2002online,
  title={Online feedback-directed optimization of Java},
  author={Arnold, Matthew and Hind, Michael and Ryder, Barbara G},
  booktitle={ACM SIGPLAN Notices},
  volume={37},
  number={11},
  pages={111--129},
  year={2002},
  organization={ACM}
}

@inproceedings{chow1999feedback,
  title={Feedback-directed selection and characterization of compiler optimizations},
  author={Chow, Kingsum and Wu, Youfeng},
  booktitle={Proc. 2nd Workshop on Feedback Directed Optimization},
  year={1999}
}

@inproceedings{cohn1999feedback,
  title={Feedback directed optimization in Compaq’s compilation tools for Alpha},
  author={Cohn, Robert and Lowney, P Geoffrey},
  booktitle={2nd ACM Workshop on Feedback-Directed Optimization (FDO)},
  year={1999}
}

@inproceedings{song2007feedback,
  title={Feedback-directed thread scheduling with memory considerations},
  author={Song, Fengguang and Moore, Shirley and Dongarra, Jack},
  booktitle={Proceedings of the 16th international symposium on High performance distributed computing},
  pages={97--106},
  year={2007},
  organization={ACM}
}